@article{barton1989theoretical,
  title={Theoretical determination of net radiation force and torque for a spherical particle illuminated by a focused laser beam},
  author={Barton, JP and Alexander, DR and Schaub, SA},
  journal={Journal of Applied Physics},
  volume={66},
  number={10},
  pages={4594--4602},
  year={1989},
  publisher={AIP}
}

@article{xu1995electromagnetic,
  title={Electromagnetic scattering by an aggregate of spheres},
  author={Xu, Yu-lin},
  journal={Applied optics},
  volume={34},
  number={21},
  pages={4573--4588},
  year={1995},
  publisher={Optical Society of America}
}

@book{bohren2008absorption,
  title={Absorption and scattering of light by small particles},
  author={Bohren, Craig F and Huffman, Donald R},
  year={2008},
  publisher={John Wiley \& Sons}
}
